<?xml version="1.0" encoding="UTF-8"?><collection xmlns="http://www.loc.gov/MARC21/slim"><record><leader>00510nam--2200169-u-4500</leader><controlfield tag="001">000055618</controlfield><controlfield tag="002">20161230</controlfield><controlfield tag="005">20161230201052</controlfield><controlfield tag="008">130301s1000------------r-----000-0-eng-d</controlfield><datafield ind1=" " ind2=" " tag="040"><subfield code="a">IFIN-HH</subfield></datafield><datafield ind1=" " ind2=" " tag="080"><subfield code="a">030.8:661:54</subfield></datafield><datafield ind1="1" ind2=" " tag="100"><subfield code="a">Nenitescu, C.D</subfield></datafield><datafield ind1="1" ind2="0" tag="245"><subfield code="a">Dictionar poliglot de industrie si tehnologie chimica</subfield><subfield code="b">Engleza, romana, germana, franceza, rusa</subfield><subfield code="c">C.d. nenitescu (coordonator)</subfield></datafield><datafield ind1=" " ind2=" " tag="260"><subfield code="a">Bucuresti</subfield><subfield code="b">Editura Tehnica</subfield><subfield code="c">1968</subfield></datafield><datafield ind1=" " ind2=" " tag="300"><subfield code="a">783P</subfield></datafield><datafield ind1=" " ind2=" " tag="852"><subfield code="a">D.441</subfield><subfield code="c">SLC</subfield></datafield><datafield ind1=" " ind2=" " tag="CAT"><subfield code="a">Sys</subfield><subfield code="c">20130301</subfield><subfield code="h">130306</subfield></datafield></record></collection>